<?xml version="1.0" encoding="UTF-8"?><record xmlns="http://www.loc.gov/MARC21/slim" xmlns:cinclude="http://apache.org/cocoon/include/1.0" xmlns:zs="http://www.loc.gov/zing/srw/">
  <leader>00418nz  a2200145n  4500</leader>
  <controlfield tag="001">no2009018652</controlfield>
  <controlfield tag="003">DLC</controlfield>
  <controlfield tag="005">20090209085148.0</controlfield>
  <controlfield tag="008">090206n| acannaabn          |a aaa     c</controlfield>
  <datafield tag="010" ind1=" " ind2=" ">
    <subfield code="a">no2009018652</subfield>
  </datafield>
  <datafield tag="035" ind1=" " ind2=" ">
    <subfield code="a">(OCoLC)oca08007999</subfield>
  </datafield>
  <datafield tag="040" ind1=" " ind2=" ">
    <subfield code="a">CSt</subfield>
    <subfield code="b">eng</subfield>
    <subfield code="c">CSt</subfield>
  </datafield>
  <datafield tag="100" ind1="1" ind2=" ">
    <subfield code="a">Elmaleh, Ytshak,</subfield>
    <subfield code="d">1906-1974.</subfield>
    <subfield code="t">Śiaḥ Yitsḥaḳ.</subfield>
    <subfield code="l">French</subfield>
  </datafield>
  <datafield tag="400" ind1="1" ind2=" ">
    <subfield code="a">Elmaleh, Ytshak,</subfield>
    <subfield code="d">1906-1974.</subfield>
    <subfield code="t">Désir de loi</subfield>
  </datafield>
  <datafield tag="670" ind1=" " ind2=" ">
    <subfield code="a">Désir de loi, 2008.</subfield>
  </datafield>
</record>